<record><leader>00000cas a22000007a 4500</leader><controlfield tag="001">26667890</controlfield><controlfield tag="008">920925d189u1uuunyuuu ne      0    0eng d</controlfield><datafield ind1=" " ind2=" " tag="010"><subfield code="a">sn 92062099 </subfield></datafield><datafield ind1=" " ind2=" " tag="040"><subfield code="a">NYS</subfield><subfield code="b">eng</subfield><subfield code="c">NYS</subfield><subfield code="d">OCLCQ</subfield></datafield><datafield ind1=" " ind2=" " tag="042"><subfield code="a">msc</subfield></datafield><datafield ind1="0" ind2="0" tag="245"><subfield code="a">Cattaraugus County news.</subfield></datafield><datafield ind1=" " ind2=" " tag="260"><subfield code="a">East Otto, N.Y. :</subfield><subfield code="b">Hamele Bros.</subfield></datafield><datafield ind1=" " ind2=" " tag="300"><subfield code="a">v.</subfield></datafield><datafield ind1=" " ind2=" " tag="588"><subfield code="a">Description based on: Vol. 5, no. 13 (Oct. 7, 1898).</subfield></datafield><datafield ind1=" " ind2="4" tag="651"><subfield code="a">East Otto (N.Y.)</subfield><subfield code="v">Newspapers.</subfield></datafield><datafield ind1=" " ind2=" " tag="752"><subfield code="a">United States</subfield><subfield code="b">New York</subfield><subfield code="c">Cattaraugus</subfield><subfield code="d">East Otto.</subfield></datafield></record>